@book{APL,
  author =       {Iverson, Kenneth E.},
  title =        {A Programming Language},
  year =         1962,
  isbn =         {0-471430-14-5},
  source =       {Library of Congress Catalog Card Number: 62-15180},
  publisher =    {John Wiley \& Sons, Inc.},
  address =      {New York, NY, USA},
}

@inproceedings{CM-Lisp,
  author =       {Steele,Jr., Guy L. and Hillis, W. Daniel},
  title =        {Connection Machine Lisp: Fine-grained Parallel Symbolic
                  Processing},
  booktitle =    {Proceedings of the 1986 ACM Conference on LISP and
                  Functional Programming},
  series =       {LFP '86},
  year =         1986,
  isbn =         {0-89791-200-4},
  location =     {Cambridge, Massachusetts, USA},
  pages =        {279--297},
  numpages =     19,
  url =          {http://doi.acm.org/10.1145/319838.319870},
  doi =          {10.1145/319838.319870},
  acmid =        319870,
  publisher =    {ACM},
  address =      {New York, NY, USA},
}

@article{Chapel,
  author =       {B.L. Chamberlain and D. Callahan and H.P. Zima},
  title =        {Parallel Programmability and the Chapel Language},
  journal =      {The International Journal of High Performance Computing
                  Applications},
  volume =       21,
  number =       3,
  pages =        {291-312},
  year =         2007,
  doi =          {10.1177/1094342007078442},
  URL =          {http://dx.doi.org/10.1177/1094342007078442 },
  eprint =       { http://dx.doi.org/10.1177/1094342007078442 },
}

@inproceedings{Fortress,
  author =       {Steele,Jr., Guy L.},
  title =        {Parallel Programming and Code Selection in Fortress},
  booktitle =    {Proceedings of the Eleventh ACM SIGPLAN Symposium on
                  Principles and Practice of Parallel Programming},
  series =       {PPoPP '06},
  year =         2006,
  isbn =         {1-59593-189-9},
  location =     {New York, New York, USA},
  pages =        {1--1},
  numpages =     1,
  url =          {http://doi.acm.org/10.1145/1122971.1122972},
  doi =          {10.1145/1122971.1122972},
  acmid =        1122972,
  publisher =    {ACM},
  address =      {New York, NY, USA},
}

@misc{HPF,
  author =       {High Performance Fortran Forum (HPFF)},
  title =        {High Performance Fortran Language Specification},
  year =         1997
}

@book{SISAL,
  place =        {United States},
  title =        {SISAL: streams and iteration in a single-assignment
                  language. Language reference manual, Version 1. 1},
  author =       {McGraw, J. and Skedzielewski, S. and Allan, S. and Grit,
                  D. and Oldehoeft, R. and Glauert, J. and Dobes, I. and
                  Hohensee, P.},
  year =         1983,
  month =        {Jul}
}

@inproceedings{SequenceL,
  author =       {Nemanich, Brad and Cooke, Daniel and Rushtom, J. Nelson},
  title =        {SequenceL: Transparency and Multi-core Parallelisms},
  booktitle =    {Proceedings of the 5th ACM SIGPLAN Workshop on
                  Declarative Aspects of Multicore Programming},
  series =       {DAMP '10},
  year =         2010,
  isbn =         {978-1-60558-859-9},
  location =     {Madrid, Spain},
  pages =        {45--52},
  numpages =     8,
  url =          {http://doi.acm.org/10.1145/1708046.1708057},
  doi =          {10.1145/1708046.1708057},
  acmid =        1708057,
  publisher =    {ACM},
  address =      {New York, NY, USA},
  keywords =     {computational laws, multi-core, sequencel, transparency},
}

@book{UPC,
  author =       {El-Ghazawi, Tarek and Carlson, William and Sterling,
                  Thomas and Yelick, Katherine},
  title =        {UPC: Distributed Shared Memory Programming (Wiley Series
                  on Parallel and Distributed Computing)},
  year =         2005,
  isbn =         0471722480,
  publisher =    {Wiley-Interscience},
}

@article{X10,
  author =       {Charles, Philippe and Grothoff, Christian and Saraswat,
                  Vijay and Donawa, Christopher and Kielstra, Allan and
                  Ebcioglu, Kemal and von Praun, Christoph and Sarkar,
                  Vivek},
  title =        {X10: An Object-oriented Approach to Non-uniform Cluster
                  Computing},
  journal =      {SIGPLAN Not.},
  issue_date =   {October 2005},
  volume =       40,
  number =       10,
  month =        oct,
  year =         2005,
  issn =         {0362-1340},
  pages =        {519--538},
  numpages =     20,
  url =          {http://doi.acm.org/10.1145/1103845.1094852},
  doi =          {10.1145/1103845.1094852},
  acmid =        1094852,
  publisher =    {ACM},
  address =      {New York, NY, USA},
  keywords =     {Java, X10, atomic blocks, clocks, data distribution,
                  multithreading, non-uniform cluster computing (NUCC),
                  partitioned global address space (PGAS), places,
                  productivity, scalability},
}

@inproceedings{amdahl,
  author =       {Amdahl, Gene M.},
  title =        {Validity of the Single Processor Approach to Achieving
                  Large Scale Computing Capabilities},
  booktitle =    {Proceedings of the April 18-20, 1967, Spring Joint
                  Computer Conference},
  series =       {AFIPS '67 (Spring)},
  year =         1967,
  location =     {Atlantic City, New Jersey},
  pages =        {483--485},
  numpages =     3,
  url =          {http://doi.acm.org/10.1145/1465482.1465560},
  doi =          {10.1145/1465482.1465560},
  acmid =        1465560,
  publisher =    {ACM},
  address =      {New York, NY, USA},
}

@book{briggs2000,
  title =        {A Multigrid Tutorial: Second Edition},
  author =       {Briggs, W.L. and Henson, V.E. and McCormick, S.F.},
  isbn =         9780898719505,
  lccn =         00024103,
  series =       {EngineeringPro collection},
  year =         2000,
  publisher =    {Society for Industrial and Applied Mathematics (SIAM,
                  3600 Market Street, Floor 6, Philadelphia, PA 19104)}
}

@InProceedings{ecm,
  author =       {Stengel, Holger and Treibig, Jan and Hager, Georg and
                  Wellein, Gerhard},
  title =        {Quantifying performance bottlenecks of stencil
                  computation using the Execution-Cache-Memory model},
  year =         2015,
  booktitle =    {29th International Conference on Supercomputing},
}

@article{roofline,
  author =       {Williams, Samuel and Waterman, Andrew and Patterson,
                  David},
  title =        {Roofline: An Insightful Visual Performance Model for
                  Multicore Architectures},
  journal =      {Commun. ACM},
  issue_date =   {April 2009},
  volume =       52,
  number =       4,
  month =        apr,
  year =         2009,
  issn =         {0001-0782},
  pages =        {65--76},
  numpages =     12,
  url =          {http://doi.acm.org/10.1145/1498765.1498785},
  doi =          {10.1145/1498765.1498785},
  acmid =        1498785,
  publisher =    {ACM},
  address =      {New York, NY, USA},
}

@book{slug,
  author =       {Blackford, L. S. and Choi, J. and Cleary, A. and
                  D'Azevedo, E. and Demmel, J. and Dhillon, I. and
                  Dongarra, J. and Hammarling, S. and Henry, G. and
                  Petitet, A. and Stanley, K. and Walker, D. and Whaley,
                  R. C.},
  title =        {{ScaLAPACK} Users' Guide},
  publisher =    {Society for Industrial and Applied Mathematics},
  year =         1997,
  address =      {Philadelphia, PA},
  isbn =         {0-89871-397-8 (paperback)}
}
